@online{surf_teleman
  title = {Riemann Surfaces},
  author = {Dr C. Teleman},
  date = {2003},
  url = {https://math.berkeley.edu/~teleman/math/Riemann.pdf}
}
